@inconference{LeeMyaeng,
  author = "Yong-Bae Lee and Sung Hyon Myaeng",
  title = "Text Genre Classification with Genre-Revealing and Subject-Revealing Features",
  year = "2002",
  conference = "Proceedings of the 25th annual international ACM SIGIR conference on Research and development in information retrieval",
  pages = "145-150",
}

@inconference{KitchSink,
  author = "Mohammed Rameez Qureshi, Sidharth Ranjan, Rajakrishnan P. Rajkumar, and Kushal Shah",
  title = "A Simple Approach to Classify Fictional and Non-Fictional Genres",
  year = "2019",
  conference = "Proceedings of the Second Storytelling Workshop",
  pages = "81-89",
}

@article{Brown,
  author = "W. Nelson Francis",
  title = "A Standard Corpus of Present-Day Edited American English",
  year = "1965",
  journal = "College English",
  volume = "26",
  number = "4",
  pages = "267-273",
}

@misc{BrownManual,
  author = "Francis, W. Nelson & Henry Kucera",
  title = "BROWN CORPUS MANUAL: Manual of Information to Accompany a Standard Corpus of Present-Day Edited American English for Use with Digital Computers",
  year = "1979",
  url = {http://korpus.uib.no/icame/brown/bcm.html#bc2},
}

@inconference{Universal,
  author = "Slav Petrov, Dipanjan Das, and Ryan McDonald",
  title = "A Universal Part-of-Speech Tagset",
  year = "2012",
  conference = "Proceedings of the Eleventh International Conference on Language Resources and Evaluation",
  pages = "2089-2096",
}

@misc{NLTK,
  title = "NLTK Corpora",
  url = {https://www.nltk.org/nltk_data/}
}

@inconference{Italian,
  author = "Andrea Cimino, Martijn Wieling, Felice Dell’Orletta, Simonetta Montemagni, and Giulia Venturi",
  title = "Identifying Predictive Features for Textual Genre Classification: the Key Role of Syntax",
  conference = "Proceedings of the Fourth Italian Conference on Computational Linguistics",
  pages = "107-112",
}

@article{SoA,
  author = "Edilson A. Corrêa Jr., Vanessa Q. Marinho, and Diego R. Amancio",
  title = "Semantic flow in language networks discriminates texts by genre and publication date",
  year = "2020",
  journal = "Physica A: Statistical Mechanics and Its Applications",
  volume = "557",
}

@incollection{POS,
  author = "Ekaterina Lapshinova-Koltunski and Marcos Zampieri",
  title = "Linguistic Features of Genre and Method Variation in Translation: A Computational Perspective",
  editor = "Dominique Legallois, Thierry Charnois, and Meri Larjavaara",
  booktitle = "The Grammar of Genres and Styles",
  publisher = "De Gruyter Mouton",
  address = "Berlin",
  year = "2018",
  pages = "92-117",
  chapter = "5"
}

@inconference{LingAuto,
  author = "Brett Kessler, Geoffrey Numberg, and Hinrich Schütze",
  title = "Automatic detection of text genre",
  year = "1998",
  conference = "Proceedings of the 35th Annual Meeting of the Association for Computational Linguistics",
  pages = "32-38",
}

@inproceedings{SchroffKP15,
  author    = {Florian Schroff and
               Dmitry Kalenichenko and
               James Philbin},
  title     = {FaceNet: {A} unified embedding for face recognition and clustering},
  booktitle = {{CVPR}},
  pages     = {815--823},
  publisher = {{IEEE} Computer Society},
  year      = {2015}
}

@article{COCA,
  author = "Mark Davies",
  title = "The 385+ million word Corpus of Contemporary American English (1990–2008+): Design, architecture, and linguistic insights",
  year = "2009",
  journal = "International Journal of Corpus Linguistics",
  volume = "14",
  number = "2",
  pages = "159-190",
}

@inproceedings{Recipe1M,
  author    = {Amaia Salvador and
               Nicholas Hynes and
               Yusuf Aytar and
               Javier Mar{\'{\i}}n and
               Ferda Ofli and
               Ingmar Weber and
               Antonio Torralba},
  title     = {Learning Cross-Modal Embeddings for Cooking Recipes and Food Images},
  booktitle = {2017 {IEEE} Conference on Computer Vision and Pattern Recognition,
               {CVPR} 2017, Honolulu, HI, USA, July 21-26, 2017},
  pages     = {3068--3076},
  publisher = {{IEEE} Computer Society},
  year      = {2017},
  url       = {https://doi.org/10.1109/CVPR.2017.327},
  doi       = {10.1109/CVPR.2017.327}
}

@article{HardoonSS04,
  author    = {David R. Hardoon and
               S{\'{a}}ndor Szedm{\'{a}}k and
               John Shawe{-}Taylor},
  title     = {Canonical Correlation Analysis: An Overview with Application to Learning
               Methods},
  journal   = {Neural Comput.},
  volume    = {16},
  number    = {12},
  pages     = {2639--2664},
  year      = {2004}
}

@inproceedings{GuerreroPP21,
  author    = {Ricardo Guerrero and
               Hai Xuan Pham and
               Vladimir Pavlovic},
  title     = {Cross-modal Retrieval and Synthesis {(X-MRS):} Closing the Modality
               Gap in Shared Subspace Learning},
  booktitle = {{ACM} Multimedia},
  pages     = {3192--3201},
  publisher = {{ACM}},
  year      = {2021}
}

@article{CCATripletLoss,
Author = {Donghuo Zeng and Yi Yu and Keizo Oyama},
Title = {Deep Triplet Neural Networks with Cluster-CCA for Audio-Visual Cross-modal Retrieval},
Year = {2019},
Eprint = {arXiv:1908.03737},
Howpublished = {ACM TOMM 2020},
}

@article{xmrs,
  author    = {Ricardo Guerrero and
               Hai Xuan Pham and
               Vladimir Pavlovic},
  title     = {Cross-modal Retrieval and Synthesis {(X-MRS):} Closing the modality
               gap in shared subspace},
  journal   = {CoRR},
  volume    = {abs/2012.01345},
  year      = {2020},
  url       = {https://arxiv.org/abs/2012.01345},
  eprinttype = {arXiv},
  eprint    = {2012.01345},
  timestamp = {Fri, 04 Dec 2020 12:07:23 +0100},
  biburl    = {https://dblp.org/rec/journals/corr/abs-2012-01345.bib},
  bibsource = {dblp computer science bibliography, https://dblp.org}
}

@article{cca-zoo,
  doi = {10.21105/joss.03823},
  url = {https://doi.org/10.21105/joss.03823},
  year = {2021},
  publisher = {The Open Journal},
  volume = {6},
  number = {68},
  pages = {3823},
  author = {James Chapman and Hao-Ting Wang},
  title = {CCA-Zoo: A collection of Regularized, Deep Learning based, Kernel, and Probabilistic CCA methods in a scikit-learn style framework},
  journal = {Journal of Open Source Software}
}

@BOOK{Hotelling1992-jg,
  title     = "Relations between two sets of variates.'' Breakthroughs in
               statistics",
  author    = "Hotelling, Harold",
  publisher = "Springer",
  pages     = "162--190",
  year      =  1992,
  address   = "New York, NY"
}

@article{scikit-learn,
 title={Scikit-learn: Machine Learning in {P}ython},
 author={Pedregosa, F. and Varoquaux, G. and Gramfort, A. and Michel, V.
         and Thirion, B. and Grisel, O. and Blondel, M. and Prettenhofer, P.
         and Weiss, R. and Dubourg, V. and Vanderplas, J. and Passos, A. and
         Cournapeau, D. and Brucher, M. and Perrot, M. and Duchesnay, E.},
 journal={Journal of Machine Learning Research},
 volume={12},
 pages={2825--2830},
 year={2011}
}