@techreport{NIST,
  author = "Elaine Barker and John Kelsey",
  title = "Recommendation for Random Number Generation Using Deterministic Random Bit Generators",
  year = "2015",
  number = "800-90 A",
  organization = "National Institute of Standards and Technology",
}

@article{GGS,
  author = "O Goldreich and S Goldwasser and S Micali",
  title = "How to construct random functions",
  year = "1986",
  journal = "Journal of the ACM",
  volume = "33",
  number = "4",
  pages = "210-217",
}

@book{PractCrypt,
  author = "S Nakov",
  title = "Practical Cryptography for Developers",
  chapter = "Secure Random Generators",
}

@article{LCG,
  author = "W E Thomson",
  title = "A Modified Congruence Method of Generating Pseudo-random Numbers",
  year = "1958",
  journal = "The Computer Journal",
  volume = "1",
  number = "2",
  pages = "83",
}

@article{RNGs,
  author = "T E Hull and A R Dobell",
  title = "Random Number Generators",
  year = "1962",
  journal = "SIAM Review",
  volume = "4",
  number = "3",
  pages = "230-254",
}

@book{Knuth,
  author = "Donald Knuth",
  title = "The Art of Computer Programming, Volume 2: Seminumerical Algorithms, Second Edition",
  year = "1981",
  publisher = "Addison-Wesley",
  chapter = "3",
  pages = "104",
}

@article{MT,
  author = "M Matsumoto and T Nishimura",
  title = "Mersenne twister: a 623-dimensionally equidistributed uniform pseudo-random number generator",
  year = "1998",
  journal = "ACM Transactions on Modeling and Computer Simulation",
  volume = "8",
  number = "1",
  pages = "3-30",
}

@article{GFSR,
  author = "T G Lewis and W H Payne",
  title = "Generalized Feedback Shift Register Pseudorandom Number Algorithm",
  year = "1973",
  journal = "Journal of the ACM",
  volume = "20",
  number = "3",
  pages = "456-468",
}

@misc{MTWiki,
  title = "Mersenne Twister",
  url = {https://en.wikipedia.org/wiki/Mersenne_Twister},
}

@inconference{Petit,
  author = "Christophe Petit and Francois-Xavier Standaert and O Pereira and Tl G Malkin and M Yung",
  title = "A Block Cipher Based Pseudo Random Number Generator Secure Against Side-Channel Key Recovery",
  year = "2008",
  conference = "Proceedings of the 2008 ACM symposium on Information, computer and communications security",
  pages = "55-65",
}

@article{MD5,
  author = "X Wang and H Yu",
  title = "How to Break MD5 and Other Hash Functions",
  year = "2005",
  journal = "Advances in Cryptology â€“ Lecture Notes in Computer Science",
  pages = "19-35",
}

@book{Textbook,
  author = "J Hoffstein and J Pipher and J H Silverman",
  title = "An Introduction to Mathematical Cryptography, Second Edition",
  year = "2014",
  publisher = "Springer",
}

@techreport{TLS,
  title = "The Transport Layer Security (TLS) Protocol Version 1.3",
  number = "RFC 8446",
  organization = "IEEE",
  year = "2018",
}

@techreport{Salt,
  author = "R Morris and K Thompson",
  title = "Password Security: A Case History",
  year = "1978",
  institution = "Bell Laboratories",
}

@misc{LCGWiki,
  title = "Linear Congruential Generator",
  url = {https://en.wikipedia.org/wiki/Linear_congruential_generator},
}