@inconference{LeeMyaeng,
  author = "Yong-Bae Lee and Sung Hyon Myaeng",
  title = "Text Genre Classification with Genre-Revealing and Subject-Revealing Features",
  year = "2002",
  conference = "Proceedings of the 25th annual international ACM SIGIR conference on Research and development in information retrieval",
  pages = "145-150",
}

@inconference{KitchSink,
  author = "Mohammed Rameez Qureshi, Sidharth Ranjan, Rajakrishnan P. Rajkumar, and Kushal Shah",
  title = "A Simple Approach to Classify Fictional and Non-Fictional Genres",
  year = "2019",
  conference = "Proceedings of the Second Storytelling Workshop",
  pages = "81-89",
}

@article{Brown,
  author = "W. Nelson Francis",
  title = "A Standard Corpus of Present-Day Edited American English",
  year = "1965",
  journal = "College English",
  volume = "26",
  number = "4",
  pages = "267-273",
}

@misc{BrownManual,
  author = "Francis, W. Nelson & Henry Kucera",
  title = "BROWN CORPUS MANUAL: Manual of Information to Accompany a Standard Corpus of Present-Day Edited American English for Use with Digital Computers",
  year = "1979",
  url = {http://korpus.uib.no/icame/brown/bcm.html#bc2},
}

@inconference{Universal,
  author = "Slav Petrov, Dipanjan Das, and Ryan McDonald",
  title = "A Universal Part-of-Speech Tagset",
  year = "2012",
  conference = "Proceedings of the Eleventh International Conference on Language Resources and Evaluation",
  pages = "2089-2096",
}

@misc{NLTK,
  title = "NLTK Corpora",
  url = {https://www.nltk.org/nltk_data/}
}

@inconference{Italian,
  author = "Andrea Cimino, Martijn Wieling, Felice Dell’Orletta, Simonetta Montemagni, and Giulia Venturi",
  title = "Identifying Predictive Features for Textual Genre Classification: the Key Role of Syntax",
  conference = "Proceedings of the Fourth Italian Conference on Computational Linguistics",
  pages = "107-112",
}

@article{SoA,
  author = "Edilson A. Corrêa Jr., Vanessa Q. Marinho, and Diego R. Amancio",
  title = "Semantic flow in language networks discriminates texts by genre and publication date",
  year = "2020",
  journal = "Physica A: Statistical Mechanics and Its Applications",
  volume = "557",
}

@incollection{POS,
  author = "Ekaterina Lapshinova-Koltunski and Marcos Zampieri",
  title = "Linguistic Features of Genre and Method Variation in Translation: A Computational Perspective",
  editor = "Dominique Legallois, Thierry Charnois, and Meri Larjavaara",
  booktitle = "The Grammar of Genres and Styles",
  publisher = "De Gruyter Mouton",
  address = "Berlin",
  year = "2018",
  pages = "92-117",
  chapter = "5"
}

@inconference{LingAuto,
  author = "Brett Kessler, Geoffrey Numberg, and Hinrich Schütze",
  title = "Automatic detection of text genre",
  year = "1998",
  conference = "Proceedings of the 35th Annual Meeting of the Association for Computational Linguistics",
  pages = "32-38",
}
